<collection xmlns="http://www.loc.gov/MARC21/slim">
<record>
  <leader>01873nam0a22003011i 450 </leader>
  <controlfield tag="001">IT\ICCU\CNCE\034129</controlfield>
  <controlfield tag="005">20111017000000.0</controlfield>
  <datafield tag="012" ind1=" " ind2=" ">
    <subfield code="a">.a.a .bde n-a, *Ein (3) 1600 (R)</subfield>
    <subfield code="2">fei</subfield>
  </datafield>
  <datafield tag="100" ind1=" " ind2=" ">
    <subfield code="a">19971229d1600        0itac0103    ba</subfield>
  </datafield>
  <datafield tag="101" ind1=" " ind2=" ">
    <subfield code="a">LAT</subfield>
  </datafield>
  <datafield tag="102" ind1=" " ind2=" ">
    <subfield code="a">IT</subfield>
  </datafield>
  <datafield tag="200" ind1="1" ind2=" ">
    <subfield code="a">Pragmaticarum regni Neapolis commentaria, a&apos; diuersis sparsim hactenus excusa; opera vero, solertia, et industria Scipionis Rouiti, a Turturella, v.i.p. In hoc unum volumen, iuxt ̉suas quasque rubricas congesta. Quibus nunc recens addita sunt Ioannis Angeli Pisanelli, Ioannis Pauli Montanarij, ac etiam Ioannis Alphonsi Gennarelli, super aliquot ex ijsdem pragmaticis, subtilissima commentaria. Cum indice tm̉ rubricarum, &amp; pragmaticarum, ac auctorum nominum qum̉ rerum, &amp; materiarum copiosissimo</subfield>
  </datafield>
  <datafield tag="210" ind1=" " ind2=" ">
    <subfield code="a">Venetiis</subfield>
    <subfield code="c">sumptibus Andreae Peregrini &amp; Ioan. Leonardi Caepollari</subfield>
    <subfield code="d">1600</subfield>
  </datafield>
  <datafield tag="215" ind1=" " ind2=" ">
    <subfield code="a">\36!, 214 c.</subfield>
    <subfield code="d">fol</subfield>
  </datafield>
  <datafield tag="620" ind1=" " ind2=" ">
    <subfield code="a">IT</subfield>
    <subfield code="d">Venezia</subfield>
  </datafield>
  <datafield tag="700" ind1=" " ind2="1">
    <subfield code="a">Rovito,</subfield>
    <subfield code="b">Scipione</subfield>
    <subfield code="3">IT\ICCU\CNCA\009779</subfield>
  </datafield>
  <datafield tag="702" ind1=" " ind2="1">
    <subfield code="a">Gennarelli,</subfield>
    <subfield code="b">Giovanni Alfonso</subfield>
    <subfield code="3">IT\ICCU\CNCA\026535</subfield>
  </datafield>
  <datafield tag="712" ind1="0" ind2="2">
    <subfield code="a">Napoli</subfield>
    <subfield code="c"> &lt;Regno&gt;</subfield>
    <subfield code="3">6856</subfield>
  </datafield>
  <datafield tag="702" ind1=" " ind2="1">
    <subfield code="a">Montanaro,</subfield>
    <subfield code="b">Giovanni Paolo</subfield>
    <subfield code="3">IT\ICCU\CNCA\008511</subfield>
  </datafield>
  <datafield tag="702" ind1=" " ind2="1">
    <subfield code="a">Pisanelli,</subfield>
    <subfield code="b">Giovanni Angelo</subfield>
    <subfield code="3">IT\ICCU\CNCA\009156</subfield>
  </datafield>
  <datafield tag="712" ind1="0" ind2="0">
    <subfield code="a">Peregrini, Andrea &amp; Cepollari, Giovanni Leonardo</subfield>
    <subfield code="3">IT\ICCU\CNCT\001237</subfield>
    <subfield code="4">650</subfield>
  </datafield>
  <datafield tag="790" ind1=" " ind2="1">
    <subfield code="a">Ginnarello,</subfield>
    <subfield code="b">Giovanni</subfield>
    <subfield code="3">IT\ICCU\CNCA\026536</subfield>
    <subfield code="z">Gennarelli, Giovanni Alfonso</subfield>
  </datafield>
  <datafield tag="790" ind1=" " ind2="1">
    <subfield code="a">Montanarius,</subfield>
    <subfield code="b">Ioannes Paulus</subfield>
    <subfield code="3">IT\ICCU\CNCA\024182</subfield>
    <subfield code="z">Montanaro, Giovanni Paolo</subfield>
  </datafield>
  <datafield tag="790" ind1=" " ind2="1">
    <subfield code="a">Pisanellus,</subfield>
    <subfield code="b">Joannes Angelus</subfield>
    <subfield code="3">IT\ICCU\CNCA\026106</subfield>
    <subfield code="z">Pisanelli, Giovanni Angelo</subfield>
  </datafield>
  <datafield tag="801" ind1=" " ind2="3">
    <subfield code="a">IT</subfield>
    <subfield code="b">ICCU</subfield>
    <subfield code="c">20201114</subfield>
  </datafield>
  <datafield tag="899" ind1=" " ind2=" ">
    <subfield code="a">Biblioteca della Fondazione Ettore Pomarici Santomasi. Gravina di Puglia</subfield>
    <subfield code="1">BA0143</subfield>
    <subfield code="2">BA1 25</subfield>
  </datafield>
  <datafield tag="899" ind1=" " ind2=" ">
    <subfield code="a">Biblioteca nazionale Vittorio Emanuele III. Napoli</subfield>
    <subfield code="1">NA0079</subfield>
    <subfield code="2">NAP BN</subfield>
  </datafield>
  <datafield tag="899" ind1=" " ind2=" ">
    <subfield code="a">Biblioteca comunale Canonico Aniello Avallone. Cava dei Tirreni</subfield>
    <subfield code="1">SA0091</subfield>
    <subfield code="2">CAM S8</subfield>
  </datafield>
</record>
</collection>
